@Article{ratlas,
author={Paxinos, George and Watson, Charles},
year={2020},
title={As Coronavirus Surveillance Escalates, Personal Privacy Plummets},
journal={New York Times},
url={https://www.nytimes.com/2020/03/23/technology/coronavirus-surveillance-tracking-privacy.html},
urldate = {2020-03-23}
}

@incollection{php,
title = {Chapter Nine - Navigation},
editor = {Vincenzo Pesce and Andrea Colagrossi and Stefano Silvestrini},
booktitle = {Modern Spacecraft Guidance, Navigation, and Control},
publisher = {Elsevier},
pages = {441-542},
year = {2023},
isbn = {978-0-323-90916-7},
doi = {https://doi.org/10.1016/B978-0-323-90916-7.00009-3},
url = {https://www.sciencedirect.com/science/article/pii/B9780323909167000093},
author = {Vincenzo Pesce and Pablo Hermosin and Aureliano Rivolta and Shyam Bhaskaran and Stefano Silvestrini and Andrea Colagrossi},
}



@article{con,
    author = {Lochbaum, Marc et al.},
    title = {Revisiting the Self-Confidence and Sport Performance Relationship: A Systematic Review with Meta-Analysis},
    journal = {National Library of Medicine},
    year = {2022}
}

@article{mat,
    author = {Mourya, Amit Kumar et al.},
    title = {An Introduction of Image Processing with MATLAB Tool},
    journal = {International Journal of Engineering Research and Technology (IJERT) Encadems},
    year = {2020}
}

@article{vis,
    author = {Cassata, Cathy},
    title = {Thereâ€™s a Reason Some People Can Visualize Better Than Others, Study Reveals},
    journal = {Very Well Mind},
    year = {2021}
}

@misc{lect_y,
  author = {Hwang, Seong Jae},
  title = {Lecture notes in Computer Vision, Transformation},
  month = {11},
  year = {2022},
}

@misc{lect_B,
  author = {Belongie, Serge},
  title = {Lecture in Computer Vision, Homogeneous Linear Least Squares
Problems, Two View Geometry},
  month = {3},
  year = {2004},
}

@phdthesis{lowe,
    author = {Lowe, David G.},
    title = {Distinctive Image Features
from Scale-Invariant Keypoints},
    school = {University of British Columbia},
    year = 2004
}

@article{Abbadi_2021,
doi = {10.1088/1742-6596/1999/1/012115},
url = {https://dx.doi.org/10.1088/1742-6596/1999/1/012115},
year = {2021},
month = {9},
author = {Nidhal K. EL Abbadi and Safaa Alwan Al Hassani and Ali Hussein Abdulkhaleq},
title = {A Review Over Panoramic Image Stitching Techniques},
journal = {Journal of Physics: Conference Series}
}
